@article{Franciolini:2021tla,
	author = "Franciolini, Gabriele and Baibhav, Vishal and De Luca, Valerio and Ng, Ken K. Y. and Wong, Kaze W. K. and Berti, Emanuele and Pani, Paolo and Riotto, Antonio and Vitale, Salvatore",
	title = "{Searching for a subpopulation of primordial black holes in LIGO-Virgo gravitational-wave data}",
	eprint = "2105.03349",
	archivePrefix = "arXiv",
	primaryClass = "gr-qc",
	doi = "10.1103/PhysRevD.105.083526",
	journal = "Phys. Rev. D",
	volume = "105",
	number = "8",
	pages = "083526",
	year = "2022"
}

@article{DeLuca:2021wjr,
	author = "De Luca, V. and Franciolini, G. and Pani, P. and Riotto, A.",
	title = "{Bayesian Evidence for Both Astrophysical and Primordial Black Holes: Mapping the GWTC-2 Catalog to Third-Generation Detectors}",
	eprint = "2102.03809",
	archivePrefix = "arXiv",
	primaryClass = "astro-ph.CO",
	doi = "10.1088/1475-7516/2021/05/003",
	journal = "JCAP",
	volume = "05",
	pages = "003",
	year = "2021"
}

@article{Wong:2020yig,
	author = "Wong, Kaze W. K. and Franciolini, Gabriele and De Luca, Valerio and Baibhav, Vishal and Berti, Emanuele and Pani, Paolo and Riotto, Antonio",
	title = "{Constraining the primordial black hole scenario with Bayesian inference and machine learning: the GWTC-2 gravitational wave catalog}",
	eprint = "2011.01865",
	archivePrefix = "arXiv",
	primaryClass = "gr-qc",
	doi = "10.1103/PhysRevD.103.023026",
	journal = "Phys. Rev. D",
	volume = "103",
	number = "2",
	pages = "023026",
	year = "2021"
}

@article{Hutsi:2020sol,
	author = {H\"utsi, Gert and Raidal, Martti and Vaskonen, Ville and Veerm\"ae, Hardi},
	title = "{Two populations of LIGO-Virgo black holes}",
	eprint = "2012.02786",
	archivePrefix = "arXiv",
	primaryClass = "astro-ph.CO",
	doi = "10.1088/1475-7516/2021/03/068",
	journal = "JCAP",
	volume = "03",
	pages = "068",
	year = "2021"
}

@article{Karathanasis:2022rtr,
	author = "Karathanasis, Christos and Mukherjee, Suvodip and Mastrogiovanni, Simone",
	title = "{Binary black holes population and cosmology in new lights: Signature of PISN mass and formation channel in GWTC-3}",
	eprint = "2204.13495",
	archivePrefix = "arXiv",
	primaryClass = "astro-ph.CO",
	month = "4",
	year = "2022"
}

@article{Diaz:2021pem,
	author = "Diaz, Cristina Cigarran and Mukherjee, Suvodip",
	title = "{Mapping the cosmic expansion history from LIGO-Virgo-KAGRA in synergy with DESI and SPHEREx}",
	eprint = "2107.12787",
	archivePrefix = "arXiv",
	primaryClass = "astro-ph.CO",
	doi = "10.1093/mnras/stac208",
	journal = "Mon. Not. Roy. Astron. Soc.",
	volume = "511",
	number = "2",
	pages = "2782--2795",
	year = "2022"
}

@article{Mukherjee:2020hyn,
	author = "Mukherjee, Suvodip and Wandelt, Benjamin D. and Nissanke, Samaya M. and Silvestri, Alessandra",
	title = "{Accurate precision Cosmology with redshift unknown gravitational wave sources}",
	eprint = "2007.02943",
	archivePrefix = "arXiv",
	primaryClass = "astro-ph.CO",
	doi = "10.1103/PhysRevD.103.043520",
	journal = "Phys. Rev. D",
	volume = "103",
	number = "4",
	pages = "043520",
	year = "2021"
}

@article{Mukherjee:2022afz,
	author = "Mukherjee, Suvodip and Krolewski, Alex and Wandelt, Benjamin D. and Silk, Joseph",
	title = "{Cross-correlating dark sirens and galaxies: measurement of $H_0$ from GWTC-3 of LIGO-Virgo-KAGRA}",
	eprint = "2203.03643",
	archivePrefix = "arXiv",
	primaryClass = "astro-ph.CO",
	month = "3",
	year = "2022"
}

@article{Mukherjee:2021ags,
	author = "Mukherjee, Suvodip and Silk, Joseph",
	title = "{Can we distinguish astrophysical from primordial black holes via the stochastic gravitational wave background?}",
	eprint = "2105.11139",
	archivePrefix = "arXiv",
	primaryClass = "gr-qc",
	doi = "10.1093/mnras/stab1932",
	journal = "Mon. Not. Roy. Astron. Soc.",
	volume = "506",
	number = "3",
	pages = "3977--3985",
	year = "2021"
}

@article{Gow:2020cou,
	author = "Gow, Andrew D. and Byrnes, Christian T. and Hall, Alex",
	title = "{Accurate model for the primordial black hole mass distribution from a peak in the power spectrum}",
	eprint = "2009.03204",
	archivePrefix = "arXiv",
	primaryClass = "astro-ph.CO",
	doi = "10.1103/PhysRevD.105.023503",
	journal = "Phys. Rev. D",
	volume = "105",
	number = "2",
	pages = "023503",
	year = "2022"
}

@article{corner,
	doi = {10.21105/joss.00024},
	url = {https://doi.org/10.21105/joss.00024},
	year  = {2016},
	month = {jun},
	publisher = {The Open Journal},
	volume = {1},
	number = {2},
	pages = {24},
	author = {Daniel Foreman-Mackey},
	title = {corner.py: Scatterplot matrices in Python},
	journal = {The Journal of Open Source Software}
}

@article{Mukherjee:2021itf,
	author = "Mukherjee, Suvodip and Meinema, Matthew S. P. and Silk, Joseph",
	title = "{Prospects of discovering subsolar primordial black holes using the stochastic gravitational wave background from third-generation detectors}",
	eprint = "2107.02181",
	archivePrefix = "arXiv",
	primaryClass = "astro-ph.CO",
	doi = "10.1093/mnras/stab3756",
	journal = "Mon. Not. Roy. Astron. Soc.",
	volume = "510",
	number = "4",
	pages = "6218--6224",
	year = "2022"
}


@article{Wu:2020drm,
	author = "Wu, You",
	title = "{Merger history of primordial black-hole binaries}",
	eprint = "2001.03833",
	archivePrefix = "arXiv",
	primaryClass = "astro-ph.CO",
	doi = "10.1103/PhysRevD.101.083008",
	journal = "Phys. Rev. D",
	volume = "101",
	number = "8",
	pages = "083008",
	year = "2020"
}

@article{Speagle:2019ivv,
	author = "Speagle, Joshua S.",
	title = "{dynesty: a dynamic nested sampling package for estimating Bayesian posteriors and evidences}",
	eprint = "1904.02180",
	archivePrefix = "arXiv",
	primaryClass = "astro-ph.IM",
	doi = "10.1093/mnras/staa278",
	journal = "Mon. Not. Roy. Astron. Soc.",
	volume = "493",
	number = "3",
	pages = "3132--3158",
	year = "2020"
}

@article{Romero-Shaw:2020owr,
	author = "Romero-Shaw, I. M. and others",
	title = "{Bayesian inference for compact binary coalescences with bilby: validation and application to the first LIGO\textendash{}Virgo gravitational-wave transient catalogue}",
	eprint = "2006.00714",
	archivePrefix = "arXiv",
	primaryClass = "astro-ph.IM",
	doi = "10.1093/mnras/staa2850",
	journal = "Mon. Not. Roy. Astron. Soc.",
	volume = "499",
	number = "3",
	pages = "3295--3319",
	year = "2020"
}

@article{Ashton:2018jfp,
	author = "Ashton, Gregory and others",
	title = "{BILBY: A user-friendly Bayesian inference library for gravitational-wave astronomy}",
	eprint = "1811.02042",
	archivePrefix = "arXiv",
	primaryClass = "astro-ph.IM",
	doi = "10.3847/1538-4365/ab06fc",
	journal = "Astrophys. J. Suppl.",
	volume = "241",
	number = "2",
	pages = "27",
	year = "2019"
}

@article{Mastrogiovanni:2021wsd,
	author = "Mastrogiovanni, S. and Leyde, K. and Karathanasis, C. and Chassande-Mottin, E. and Steer, D. A. and Gair, J. and Ghosh, A. and Gray, R. and Mukherjee, S. and Rinaldi, S.",
	title = "{On the importance of source population models for gravitational-wave cosmology}",
	eprint = "2103.14663",
	archivePrefix = "arXiv",
	primaryClass = "gr-qc",
	doi = "10.1103/PhysRevD.104.062009",
	journal = "Phys. Rev. D",
	volume = "104",
	number = "6",
	pages = "062009",
	year = "2021"
}

@article{LIGOScientific:2021psn,
	author = "Abbott, R. and others",
	collaboration = "LIGO Scientific, VIRGO, KAGRA",
	title = "{The population of merging compact binaries inferred using gravitational waves through GWTC-3}",
	eprint = "2111.03634",
	archivePrefix = "arXiv",
	primaryClass = "astro-ph.HE",
	reportNumber = "LIGO-P2100239 ; Data release: https://zenodo.org/record/5655785, LIGO-P2100239",
	month = "11",
	year = "2021"
}

@article{ligo_scientific_collaboration_and_virgo_2021_5546676,
	author       = {LIGO Scientific Collaboration and Virgo Collaboration and KAGRA Collaboration},
	title        = {{GWTC-3: Compact Binary Coalescences Observed by
	LIGO and Virgo During the Second Part of the Third
	Observing Run â€” O3 search sensitivity estimates}},
	month        = nov,
	year         = 2021,
	publisher    = {Zenodo},
	doi          = {https://doi.org/10.5281/zenodo.5546676},
	url          = {https://doi.org/10.5281/zenodo.5546676}
}

@article{Loredo:2004nn,
	author = "Loredo, Thomas J.",
	editor = "Fischer, Rainer and Preuss, Roland and von Toussaint, Udo",
	title = "{Accounting for source uncertainties in analyses of astronomical survey data}",
	eprint = "astro-ph/0409387",
	archivePrefix = "arXiv",
	doi = "10.1063/1.1835214",
	journal = "AIP Conf. Proc.",
	volume = "735",
	number = "1",
	pages = "195--206",
	year = "2004"
}

@article{Mandel:2018mve,
	author = "Mandel, Ilya and Farr, Will M. and Gair, Jonathan R.",
	title = "{Extracting distribution parameters from multiple uncertain observations with selection biases}",
	eprint = "1809.02063",
	archivePrefix = "arXiv",
	primaryClass = "physics.data-an",
	doi = "10.1093/mnras/stz896",
	journal = "Mon. Not. Roy. Astron. Soc.",
	volume = "486",
	number = "1",
	pages = "1086--1093",
	year = "2019"
}

@article{Thrane:2018qnx,
	author = "Thrane, Eric and Talbot, Colm",
	title = "{An introduction to Bayesian inference in gravitational-wave astronomy: parameter estimation, model selection, and hierarchical models}",
	eprint = "1809.02293",
	archivePrefix = "arXiv",
	primaryClass = "astro-ph.IM",
	doi = "10.1017/pasa.2019.2",
	journal = "Publ. Astron. Soc. Austral.",
	volume = "36",
	pages = "e010",
	year = "2019",
	note = "[Erratum: Publ.Astron.Soc.Austral. 37, e036 (2020)]"
}

@article{Taylor:2012db,
	author = "Taylor, Stephen R. and Gair, Jonathan R.",
	title = "{Cosmology with the lights off: standard sirens in the Einstein Telescope era}",
	eprint = "1204.6739",
	archivePrefix = "arXiv",
	primaryClass = "astro-ph.CO",
	doi = "10.1103/PhysRevD.86.023502",
	journal = "Phys. Rev. D",
	volume = "86",
	pages = "023502",
	year = "2012"
}

@article{Taylor:2011fs,
	author = "Taylor, Stephen R. and Gair, Jonathan R. and Mandel, Ilya",
	title = "{Hubble without the Hubble: Cosmology using advanced gravitational-wave detectors alone}",
	eprint = "1108.5161",
	archivePrefix = "arXiv",
	primaryClass = "gr-qc",
	doi = "10.1103/PhysRevD.85.023535",
	journal = "Phys. Rev. D",
	volume = "85",
	pages = "023535",
	year = "2012"
}

@article{Ossokine:2020kjp,
	author = "Ossokine, Serguei and others",
	title = "{Multipolar Effective-One-Body Waveforms for Precessing Binary Black Holes: Construction and Validation}",
	eprint = "2004.09442",
	archivePrefix = "arXiv",
	primaryClass = "gr-qc",
	doi = "10.1103/PhysRevD.102.044055",
	journal = "Phys. Rev. D",
	volume = "102",
	number = "4",
	pages = "044055",
	year = "2020"
}

@article{Matas:2020wab,
	author = "Matas, Andrew and others",
	title = "{Aligned-spin neutron-star\textendash{}black-hole waveform model based on the effective-one-body approach and numerical-relativity simulations}",
	eprint = "2004.10001",
	archivePrefix = "arXiv",
	primaryClass = "gr-qc",
	doi = "10.1103/PhysRevD.102.043023",
	journal = "Phys. Rev. D",
	volume = "102",
	number = "4",
	pages = "043023",
	year = "2020"
}


@article{Thompson:2020nei,
	author = "Thompson, Jonathan E. and Fauchon-Jones, Edward and Khan, Sebastian and Nitoglia, Elisa and Pannarale, Francesco and Dietrich, Tim and Hannam, Mark",
	title = "{Modeling the gravitational wave signature of neutron star black hole coalescences}",
	eprint = "2002.08383",
	archivePrefix = "arXiv",
	primaryClass = "gr-qc",
	reportNumber = "LIGO-P2000059",
	doi = "10.1103/PhysRevD.101.124059",
	journal = "Phys. Rev. D",
	volume = "101",
	number = "12",
	pages = "124059",
	year = "2020"
}

@article{Pratten:2020ceb,
	author = "Pratten, Geraint and others",
	title = "{Computationally efficient models for the dominant and subdominant harmonic modes of precessing binary black holes}",
	eprint = "2004.06503",
	archivePrefix = "arXiv",
	primaryClass = "gr-qc",
	doi = "10.1103/PhysRevD.103.104056",
	journal = "Phys. Rev. D",
	volume = "103",
	number = "10",
	pages = "104056",
	year = "2021"
}

@article{LIGOScientific:2021aug,
	author = "Abbott, R. and others",
	collaboration = "LIGO Scientific, VIRGO, KAGRA",
	title = "{Constraints on the cosmic expansion history from GWTC-3}",
	eprint = "2111.03604",
	archivePrefix = "arXiv",
	primaryClass = "astro-ph.CO",
	reportNumber = "LIGO-P2100185-v6, LIGO-P2100185-v5",
	month = "11",
	year = "2021"
}

@article{LIGOScientific:2021djp,
	author = "Abbott, R. and others",
	collaboration = "LIGO Scientific, VIRGO, KAGRA",
	title = "{GWTC-3: Compact Binary Coalescences Observed by LIGO and Virgo During the Second Part of the Third Observing Run}",
	eprint = "2111.03606",
	archivePrefix = "arXiv",
	primaryClass = "gr-qc",
	reportNumber = "LIGO-P2000318",
	month = "11",
	year = "2021"
}

@article{Carr:2016hva,
	author = "Carr, B. J. and Kohri, Kazunori and Sendouda, Yuuiti and Yokoyama, Jun'ichi",
	title = "{Constraints on primordial black holes from the Galactic gamma-ray background}",
	eprint = "1604.05349",
	archivePrefix = "arXiv",
	primaryClass = "astro-ph.CO",
	reportNumber = "RESCEU-16-16, KEK-TH-1895, KEK-COSMO-193",
	doi = "10.1103/PhysRevD.94.044029",
	journal = "Phys. Rev. D",
	volume = "94",
	number = "4",
	pages = "044029",
	year = "2016"
}

@article{Niemeyer:1997mt,
	author = "Niemeyer, Jens C. and Jedamzik, K.",
	title = "{Near-critical gravitational collapse and the initial mass function of primordial black holes}",
	eprint = "astro-ph/9709072",
	archivePrefix = "arXiv",
	doi = "10.1103/PhysRevLett.80.5481",
	journal = "Phys. Rev. Lett.",
	volume = "80",
	pages = "5481--5484",
	year = "1998"
}

@article{Yokoyama:1998xd,
	author = "Yokoyama, Jun'ichi",
	title = "{Cosmological constraints on primordial black holes produced in the near critical gravitational collapse}",
	eprint = "gr-qc/9804041",
	archivePrefix = "arXiv",
	reportNumber = "YITP-98-23, SU-ITP-98-18",
	doi = "10.1103/PhysRevD.58.107502",
	journal = "Phys. Rev. D",
	volume = "58",
	pages = "107502",
	year = "1998"
}

@article{DeLuca:2020ioi,
	author = "De Luca, V. and Franciolini, G. and Riotto, A.",
	title = "{On the Primordial Black Hole Mass Function for Broad Spectra}",
	eprint = "2001.04371",
	archivePrefix = "arXiv",
	primaryClass = "astro-ph.CO",
	doi = "10.1016/j.physletb.2020.135550",
	journal = "Phys. Lett. B",
	volume = "807",
	pages = "135550",
	year = "2020"
}

@article{Carr:1975qj,
	author         = "Carr, Bernard J.",
	title          = "{The Primordial black hole mass spectrum}",
	journal        = "Astrophys. J.",
	volume         = "201",
	year           = "1975",
	pages          = "1-19",
	doi            = "10.1086/153853",
	SLACcitation   = "%%CITATION = ASJOA,201,1;%%"
}

@article{Chen:2019irf,
	author = "Chen, Zu-Cheng and Huang, Qing-Guo",
	title = "{Distinguishing Primordial Black Holes from Astrophysical Black Holes by Einstein Telescope and Cosmic Explorer}",
	eprint = "1904.02396",
	archivePrefix = "arXiv",
	primaryClass = "astro-ph.CO",
	doi = "10.1088/1475-7516/2020/08/039",
	journal = "JCAP",
	volume = "08",
	pages = "039",
	year = "2020"
}

@article{Ali-Haimoud:2017rtz,
	author = {Ali-Ha\"\i{}moud, Yacine and Kovetz, Ely D. and Kamionkowski, Marc},
	title = "{Merger rate of primordial black-hole binaries}",
	eprint = "1709.06576",
	archivePrefix = "arXiv",
	primaryClass = "astro-ph.CO",
	doi = "10.1103/PhysRevD.96.123523",
	journal = "Phys. Rev. D",
	volume = "96",
	number = "12",
	pages = "123523",
	year = "2017"
}

@article{Planck:2018vyg,
	author = "Aghanim, N. and others",
	collaboration = "Planck",
	title = "{Planck 2018 results. VI. Cosmological parameters}",
	eprint = "1807.06209",
	archivePrefix = "arXiv",
	primaryClass = "astro-ph.CO",
	doi = "10.1051/0004-6361/201833910",
	journal = "Astron. Astrophys.",
	volume = "641",
	pages = "A6",
	year = "2020",
	note = "[Erratum: Astron.Astrophys. 652, C4 (2021)]"
}

@article{Chen:2018czv,
	author = "Chen, Zu-Cheng and Huang, Qing-Guo",
	title = "{Merger Rate Distribution of Primordial-Black-Hole Binaries}",
	eprint = "1801.10327",
	archivePrefix = "arXiv",
	primaryClass = "astro-ph.CO",
	doi = "10.3847/1538-4357/aad6e2",
	journal = "Astrophys. J.",
	volume = "864",
	number = "1",
	pages = "61",
	year = "2018"
}

@article{Dolgov:1992pu,
	author = "Dolgov, Alexandre and Silk, Joseph",
	title = "{Baryon isocurvature fluctuations at small scales and baryonic dark matter}",
	reportNumber = "CFPA-TH-92-04",
	doi = "10.1103/PhysRevD.47.4244",
	journal = "Phys. Rev. D",
	volume = "47",
	pages = "4244--4255",
	year = "1993"
}

@article{Carr:2017jsz,
	author = {Carr, Bernard and Raidal, Martti and Tenkanen, Tommi and Vaskonen, Ville and Veerm\"ae, Hardi},
	title = "{Primordial black hole constraints for extended mass functions}",
	eprint = "1705.05567",
	archivePrefix = "arXiv",
	primaryClass = "astro-ph.CO",
	doi = "10.1103/PhysRevD.96.023514",
	journal = "Phys. Rev. D",
	volume = "96",
	number = "2",
	pages = "023514",
	year = "2017"
}

@article{Green:2016xgy,
	author = "Green, Anne M.",
	title = "{Microlensing and dynamical constraints on primordial black hole dark matter with an extended mass function}",
	eprint = "1609.01143",
	archivePrefix = "arXiv",
	primaryClass = "astro-ph.CO",
	doi = "10.1103/PhysRevD.94.063530",
	journal = "Phys. Rev. D",
	volume = "94",
	number = "6",
	pages = "063530",
	year = "2016"
}

@article{Kannike:2017bxn,
	author = {Kannike, Kristjan and Marzola, Luca and Raidal, Martti and Veerm\"ae, Hardi},
	title = "{Single Field Double Inflation and Primordial Black Holes}",
	eprint = "1705.06225",
	archivePrefix = "arXiv",
	primaryClass = "astro-ph.CO",
	doi = "10.1088/1475-7516/2017/09/020",
	journal = "JCAP",
	volume = "09",
	pages = "020",
	year = "2017"
}

@article{Planck:2018vyg,
	author = "Aghanim, N. and others",
	collaboration = "Planck",
	title = "{Planck 2018 results. VI. Cosmological parameters}",
	eprint = "1807.06209",
	archivePrefix = "arXiv",
	primaryClass = "astro-ph.CO",
	doi = "10.1051/0004-6361/201833910",
	journal = "Astron. Astrophys.",
	volume = "641",
	pages = "A6",
	year = "2020",
	note = "[Erratum: Astron.Astrophys. 652, C4 (2021)]"
}

@article{Riess:2021jrx,
	author = "Riess, Adam G. and others",
	title = "{A Comprehensive Measurement of the Local Value of the Hubble Constant with 1 km/s/Mpc Uncertainty from the Hubble Space Telescope and the SH0ES Team}",
	eprint = "2112.04510",
	archivePrefix = "arXiv",
	primaryClass = "astro-ph.CO",
	month = "12",
	year = "2021"
}


@ARTICLE{Riess2021arXiv211204510R,
       author = {{Riess}, Adam G. and {Yuan}, Wenlong and {Macri}, Lucas M. and {Scolnic}, Dan and {Brout}, Dillon and {Casertano}, Stefano and {Jones}, David O. and {Murakami}, Yukei and {Breuval}, Louise and {Brink}, Thomas G. and {Filippenko}, Alexei V. and {Hoffmann}, Samantha and {Jha}, Saurabh W. and {Kenworthy}, W. D'arcy and {Mackenty}, John and {Stahl}, Benjamin E. and {Zheng}, Weikang},
        title = "{A Comprehensive Measurement of the Local Value of the Hubble Constant with 1 km/s/Mpc Uncertainty from the Hubble Space Telescope and the SH0ES Team}",
      journal = {arXiv e-prints},
     keywords = {Astrophysics - Cosmology and Nongalactic Astrophysics},
         year = 2021,
        month = dec,
          eid = {arXiv:2112.04510},
        pages = {arXiv:2112.04510},
archivePrefix = {arXiv},
       eprint = {2112.04510},
 primaryClass = {astro-ph.CO},
       adsurl = {https://ui.adsabs.harvard.edu/abs/2021arXiv211204510R},
      adsnote = {Provided by the SAO/NASA Astrophysics Data System}
}

@article{Shah:2021onj,
	author = "Shah, Paul and Lemos, Pablo and Lahav, Ofer",
	title = "{A buyer\textquoteright{}s guide to the Hubble constant}",
	eprint = "2109.01161",
	archivePrefix = "arXiv",
	primaryClass = "astro-ph.CO",
	doi = "10.1007/s00159-021-00137-4",
	journal = "Astron. Astrophys. Rev.",
	volume = "29",
	number = "1",
	pages = "9",
	year = "2021"
}

@article{DiValentino:2021izs,
	author = "Di Valentino, Eleonora and Mena, Olga and Pan, Supriya and Visinelli, Luca and Yang, Weiqiang and Melchiorri, Alessandro and Mota, David F. and Riess, Adam G. and Silk, Joseph",
	title = "{In the realm of the Hubble tension\textemdash{}a review of solutions}",
	eprint = "2103.01183",
	archivePrefix = "arXiv",
	primaryClass = "astro-ph.CO",
	reportNumber = "IPPP/20/108",
	doi = "10.1088/1361-6382/ac086d",
	journal = "Class. Quant. Grav.",
	volume = "38",
	number = "15",
	pages = "153001",
	year = "2021"
}

@article{Perivolaropoulos:2021jda,
	author = "Perivolaropoulos, Leandros and Skara, Foteini",
	title = "{Challenges for $\Lambda$CDM: An update}",
	eprint = "2105.05208",
	archivePrefix = "arXiv",
	primaryClass = "astro-ph.CO",
	month = "5",
	year = "2021"
}


@article{Schutz:1986gp,
	author = "Schutz, Bernard F.",
	title = "{Determining the Hubble Constant from Gravitational Wave Observations}",
	doi = "10.1038/323310a0",
	journal = "Nature",
	volume = "323",
	pages = "310--311",
	year = "1986"
}

@article{Hawking:1971ei,
	author         = "Hawking, Stephen",
	title          = "{Gravitationally collapsed objects of very low mass}",
	journal        = "Mon. Not. Roy. Astron. Soc.",
	volume         = "152",
	year           = "1971",
	pages          = "75",
	SLACcitation   = "%%CITATION = MNRAA,152,75;%%"
}

@article{Carr:1974nx,
	author         = "Carr, Bernard J. and Hawking, S. W.",
	title          = "{Black holes in the early Universe}",
	journal        = "Mon. Not. Roy. Astron. Soc.",
	volume         = "168",
	year           = "1974",
	pages          = "399-415",
	SLACcitation   = "%%CITATION = MNRAA,168,399;%%"
}

@article{Chen:2018rzo,
	author = "Chen, Zu-Cheng and Huang, Fan and Huang, Qing-Guo",
	title = "{Stochastic Gravitational-wave Background from Binary Black Holes and Binary Neutron Stars and Implications for LISA}",
	eprint = "1809.10360",
	archivePrefix = "arXiv",
	primaryClass = "gr-qc",
	doi = "10.3847/1538-4357/aaf581",
	journal = "Astrophys. J.",
	volume = "871",
	number = "1",
	pages = "97",
	year = "2019"
}

@article{Chen:2021nxo,
	author = "Chen, Zu-Cheng and Yuan, Chen and Huang, Qing-Guo",
	title = "{Confronting the primordial black hole scenario with the gravitational-wave events detected by LIGO-Virgo}",
	eprint = "2108.11740",
	archivePrefix = "arXiv",
	primaryClass = "astro-ph.CO",
	doi = "10.1016/j.physletb.2022.137040",
	journal = "Phys. Lett. B",
	volume = "829",
	pages = "137040",
	year = "2022"
}

@article{Wiktorowicz:2013dua,
	author         = "Wiktorowicz, Grzegorz and Belczynski, Krzysztof and
	Maccarone, Thomas J.",
	title          = "{Black Hole X-ray Transients: The Formation Puzzle}",
	year           = "2013",
	eprint         = "1312.5924",
	archivePrefix  = "arXiv",
	primaryClass   = "astro-ph.HE",
	SLACcitation   = "%%CITATION = ARXIV:1312.5924;%%"
}

@article{Casares:2013tpa,
	author         = "Casares, J. and Jonker, P. G.",
	title          = "{Mass Measurements of Stellar and Intermediate Mass
	Black-Holes}",
	journal        = "Space Sci. Rev.",
	volume         = "183",
	year           = "2014",
	number         = "1-4",
	pages          = "223-252",
	doi            = "10.1007/s11214-013-0030-6",
	eprint         = "1311.5118",
	archivePrefix  = "arXiv",
	primaryClass   = "astro-ph.HE",
	SLACcitation   = "%%CITATION = ARXIV:1311.5118;%%"
}

@article{Corral-Santana:2013uua,
	author         = "Corral-Santana, J. M. and Casares, J. and MuÃ±oz-Darias,
	T. and RodrÃ­guez-Gil, P. and Shahbaz, T. and Torres, M.
	A. P. and Zurita, C. and Tyndall, A. A.",
	title          = "{A Black Hole Nova Obscured by an Inner Disk Torus}",
	journal        = "Science",
	volume         = "339",
	year           = "2013",
	pages          = "1048-1051",
	doi            = "10.1126/science.1228222",
	eprint         = "1303.0034",
	archivePrefix  = "arXiv",
	primaryClass   = "astro-ph.GA",
	SLACcitation   = "%%CITATION = ARXIV:1303.0034;%%"
}

@article{LIGOScientific:2016aoc,
	author = "Abbott, B. P. and others",
	collaboration = "LIGO Scientific, Virgo",
	title = "{Observation of Gravitational Waves from a Binary Black Hole Merger}",
	eprint = "1602.03837",
	archivePrefix = "arXiv",
	primaryClass = "gr-qc",
	reportNumber = "LIGO-P150914",
	doi = "10.1103/PhysRevLett.116.061102",
	journal = "Phys. Rev. Lett.",
	volume = "116",
	number = "6",
	pages = "061102",
	year = "2016"
}

@article{Sasaki:2016jop,
	author = "Sasaki, Misao and Suyama, Teruaki and Tanaka, Takahiro and Yokoyama, Shuichiro",
	title = "{Primordial Black Hole Scenario for the Gravitational-Wave Event GW150914}",
	eprint = "1603.08338",
	archivePrefix = "arXiv",
	primaryClass = "astro-ph.CO",
	reportNumber = "RESCEU-17-16, RUP-16-7, YITP-16-43",
	doi = "10.1103/PhysRevLett.117.061101",
	journal = "Phys. Rev. Lett.",
	volume = "117",
	number = "6",
	pages = "061101",
	year = "2016",
	note = "[Erratum: Phys.Rev.Lett. 121, 059901 (2018)]"
}

@article{LIGOScientific:2017adf,
	author = "Abbott, B. P. and others",
	collaboration = "LIGO Scientific, Virgo, 1M2H, Dark Energy Camera GW-E, DES, DLT40, Las Cumbres Observatory, VINROUGE, MASTER",
	title = "{A gravitational-wave standard siren measurement of the Hubble constant}",
	eprint = "1710.05835",
	archivePrefix = "arXiv",
	primaryClass = "astro-ph.CO",
	reportNumber = "LIGO-P1700296, FERMILAB-PUB-17-472-A-AE",
	doi = "10.1038/nature24471",
	journal = "Nature",
	volume = "551",
	number = "7678",
	pages = "85--88",
	year = "2017"
}

@article{LIGOScientific:2019zcs,
	author = "Abbott, B. P. and others",
	collaboration = "LIGO Scientific, Virgo, VIRGO",
	title = "{A Gravitational-wave Measurement of the Hubble Constant Following the Second Observing Run of Advanced LIGO and Virgo}",
	eprint = "1908.06060",
	archivePrefix = "arXiv",
	primaryClass = "astro-ph.CO",
	reportNumber = "LIGO-P1900015",
	doi = "10.3847/1538-4357/abdcb7",
	journal = "Astrophys. J.",
	volume = "909",
	number = "2",
	pages = "218",
	year = "2021",
	note = "[Erratum: Astrophys.J. 923, 279 (2021)]"
}


@article{LIGOScientific:2018gmd,
	author = "Fishbach, M. and others",
	collaboration = "LIGO Scientific, Virgo",
	title = "{A Standard Siren Measurement of the Hubble Constant from GW170817 without the Electromagnetic Counterpart}",
	eprint = "1807.05667",
	archivePrefix = "arXiv",
	primaryClass = "astro-ph.CO",
	reportNumber = "LIGO-P1800192",
	doi = "10.3847/2041-8213/aaf96e",
	journal = "Astrophys. J. Lett.",
	volume = "871",
	number = "1",
	pages = "L13",
	year = "2019"
}

@article{DES:2020nay,
	author = "Palmese, A. and others",
	collaboration = "DES",
	title = "{A statistical standard siren measurement of the Hubble constant from the LIGO/Virgo gravitational wave compact object merger GW190814 and Dark Energy Survey galaxies}",
	eprint = "2006.14961",
	archivePrefix = "arXiv",
	primaryClass = "astro-ph.CO",
	reportNumber = "FERMILAB-PUB-20-216-AE, DES-2020-0548",
	doi = "10.3847/2041-8213/abaeff",
	journal = "Astrophys. J. Lett.",
	volume = "900",
	number = "2",
	pages = "L33",
	year = "2020"
}

@article{Chen:2017rfc,
	author = "Chen, Hsin-Yu and Fishbach, Maya and Holz, Daniel E.",
	title = "{A two per cent Hubble constant measurement from standard sirens within five years}",
	eprint = "1712.06531",
	archivePrefix = "arXiv",
	primaryClass = "astro-ph.CO",
	doi = "10.1038/s41586-018-0606-0",
	journal = "Nature",
	volume = "562",
	number = "7728",
	pages = "545--547",
	year = "2018"
}

@article{Feeney:2018mkj,
	author = "Feeney, Stephen M. and Peiris, Hiranya V. and Williamson, Andrew R. and Nissanke, Samaya M. and Mortlock, Daniel J. and Alsing, Justin and Scolnic, Dan",
	title = "{Prospects for resolving the Hubble constant tension with standard sirens}",
	eprint = "1802.03404",
	archivePrefix = "arXiv",
	primaryClass = "astro-ph.CO",
	doi = "10.1103/PhysRevLett.122.061105",
	journal = "Phys. Rev. Lett.",
	volume = "122",
	number = "6",
	pages = "061105",
	year = "2019"
}

@article{Farr:2019twy,
	author = "Farr, Will M. and Fishbach, Maya and Ye, Jiani and Holz, Daniel",
	title = "{A Future Percent-Level Measurement of the Hubble Expansion at Redshift 0.8 With Advanced LIGO}",
	eprint = "1908.09084",
	archivePrefix = "arXiv",
	primaryClass = "astro-ph.CO",
	reportNumber = "LIGO P1900252",
	doi = "10.3847/2041-8213/ab4284",
	journal = "Astrophys. J. Lett.",
	volume = "883",
	number = "2",
	pages = "L42",
	year = "2019"
}

@article{Zhu:2021bpp,
	author = "Zhu, Liang-Gui and Xie, Ling-Hua and Hu, Yi-Ming and Liu, Shuai and Li, En-Kun and Napolitano, Nicola R. and Tang, Bai-Tian and Zhang, Jian-dong and Mei, Jianwei",
	title = "{Constraining the Hubble constant to a precision of about 1\% using multi-band dark standard siren detections}",
	eprint = "2110.05224",
	archivePrefix = "arXiv",
	primaryClass = "astro-ph.CO",
	doi = "10.1007/s11433-021-1859-9",
	journal = "Sci. China Phys. Mech. Astron.",
	volume = "65",
	number = "5",
	pages = "259811",
	year = "2022"
}

@article{Yang:2021qge,
	author = "Yang, Tao",
	title = "{Gravitational-Wave Detector Networks: Standard Sirens on Cosmology and Modified Gravity Theory}",
	eprint = "2103.01923",
	archivePrefix = "arXiv",
	primaryClass = "astro-ph.CO",
	doi = "10.1088/1475-7516/2021/05/044",
	journal = "JCAP",
	volume = "05",
	pages = "044",
	year = "2021"
}

@article{Holz:2005df,
	author = "Holz, Daniel E. and Hughes, Scott A.",
	title = "{Using gravitational-wave standard sirens}",
	eprint = "astro-ph/0504616",
	archivePrefix = "arXiv",
	doi = "10.1086/431341",
	journal = "Astrophys. J.",
	volume = "629",
	pages = "15--22",
	year = "2005"
}

@article{You:2020wju,
    author = "You, Zhi-Qiang and Zhu, Xing-Jiang and Ashton, Gregory and Thrane, Eric and Zhu, Zong-Hong",
    title = "{Standard-siren cosmology using gravitational waves from binary black holes}",
    eprint = "2004.00036",
    archivePrefix = "arXiv",
    primaryClass = "astro-ph.CO",
    doi = "10.3847/1538-4357/abd4d4",
    journal = "Astrophys. J.",
    volume = "908",
    number = "2",
    pages = "215",
    year = "2021"
}
